<?xml version="1.0" encoding="UTF-8"?><collection xmlns="http://www.loc.gov/MARC21/slim"><record><leader>00477nam--2200169-i-4500</leader><controlfield tag="001">000009081</controlfield><controlfield tag="002">20161230</controlfield><controlfield tag="005">20170306155700</controlfield><controlfield tag="008">060222s1000------------r-----000-0-eng-d</controlfield><datafield ind1="1" ind2=" " tag="100"><subfield code="a">Clemmow, P. C</subfield></datafield><datafield ind1="1" ind2="0" tag="245"><subfield code="a">Electrodynamics of particles and plasmas</subfield></datafield><datafield ind1=" " ind2=" " tag="260"><subfield code="a">Reading/Mas</subfield><subfield code="b">Addison-Wesley Publ.Co</subfield><subfield code="c">1969</subfield></datafield><datafield ind1=" " ind2=" " tag="300"><subfield code="a">IX + 457 p</subfield></datafield><datafield ind1="0" ind2=" " tag="490"><subfield code="a">Addison-Wesley Series In Advanced Physics</subfield></datafield><datafield ind1=" " ind2=" " tag="700"><subfield code="a">Dougherty, J. P</subfield></datafield><datafield ind1=" " ind2=" " tag="852"><subfield code="a">533.9:537.8</subfield></datafield><datafield ind1=" " ind2=" " tag="CAT"><subfield code="a">SYS</subfield><subfield code="c">20170306</subfield><subfield code="h">155700</subfield></datafield></record></collection>